@book{anton,
    author = {Howard ANTON and Chris RORRES},
    year = 2012,
    title = {Álgebra Linear com Aplicações},
    address = {Porto Alegre RS},
    publisher = {Bookman}
}

@ARTICLE{9321487,
  author={Li, Chengqing and Tan, Kai and Feng, Bingbing and Lu, Jinhu},
  journal={IEEE Transactions on Computers}, 
  title={The Graph Structure of the Generalized Discrete Arnold's Cat Map}, 
  year={2021},
  volume={},
  number={},
  pages={1-1},
  doi={10.1109/TC.2021.3051387}}
  
