@book{anton,
    author = {Howard ANTON and Chris RORRES},
    year = 2012,
    title = {Álgebra Linear com Aplicações},
    address = {Porto Alegre RS},
    publisher = {Bookman}
}
