@book{livro_miller,
    author = {Ronald MILLER and Peter BLAIR},
    year = 2009,
    title = {Input-Output Analysis},
    publisher = {Cambridge
University Press}
}

@book{livro_howard,
    author = {Howard ANTON and Chris RORRES},
    year = 2012,
    title = {Algebra Linear (com aplicações)},
    publisher = {Bookman}
}
