@article{lell2015evolution,
  title={Evolution in computed tomography: the battle for speed and dose},
  author={Lell, Michael M and Wildberger, Joachim E and Alkadhi, Hatem and Damilakis, John and Kachelriess, Marc},
  journal={Investigative radiology},
  volume={50},
  number={9},
  pages={629--644},
  year={2015},
  publisher={LWW}
} 
