@book{livro_pesquisa_operacional,
    author = {Marcos ARENALES and Vinícius ARMENTANO and Reinaldo MORABITO and Horacio YANASSE},
    year = 2011,
    title = {Pesquisa Operacional},
    address = {Rio de Janeiro RJ},
    publisher = {Elsevier}
}

@book{teorema_escrito_anton,
    author = {Howard ANTON and Chris RORRES},
    year = 2012,
    title = {Álgebra Linear com Aplicações},
    address = {Porto Alegre RS},
    publisher = {Bookman}
}

@online{simplex_scipy,
  author = {{The SciPy community}},
  title = {linprog(method='simplex') em https://docs.scipy.org/doc/scipy/reference/optimize.linprog-simplex.html, acesso: 05 de maio de 2021},
  year = 2021,
  url = {https://docs.scipy.org/doc/scipy/reference/optimize.linprog-simplex.html},
  urldate = {2021-05-04}
}

@book{leslie_1945,
    author = {P. H. LESLIE},
    year = 1945,
    title = {On the Use of Matrices in Certain Population Mathematics},
    publisher = {Biometrika, Vol. 33, No. 3, pp. 183-212}
}

@book{usher_1966,
    author = {M. B. USHER},
    year = 1966,
    title = {A Matrix Approach to the Management of Renewable Resources, with Special Reference to Selection Forests},
    publisher = {British Ecological Society. Journal of Applied Ecology , Nov., 1966, Vol. 3, No. 2 (Nov., 1966), pp. 355-367}
}


@book{williamson_1959,
    author = {M. H. WILLIAMSON},
    year = 1959,
    title = {Some extensions of the use of matrices in population theory},
    publisher = {Bulletin of Mathematical Biophysics 21, 13–17 (1959)}
}


@online{codigo_fonte,
  author = {{Gabriel, Heberth, Mateus, Victor, Vinícius}},
  title = {código fonte},
  url = {https://colab.research.google.com/drive/1pJLjhM1bEx3vx5CN2OPg12_tvnQ2in_0?usp=sharing},
  urldate = {2021-05-06}
  
}