@book{livro_fundamentals_of_astronomy,
    author = {Cesare BARBIERI and Ivano BERTINI},
    year = 2021,
    title = {Fundamentals of Astronomy, pág. 242},
    publisher = {CRC Press}
}

@online{site_nasa_venus_fact_sheet,
  author = {David WILLIAMS},
  title = {NASA Official: Venus Fact Sheet
 em https://nssdc.gsfc.nasa.gov/planetary/factsheet/venusfact.html, acesso: 15 de maio de 2021},
  year = 2020,
  url = {https://nssdc.gsfc.nasa.gov/planetary/factsheet/venusfact.html},
  urldate = {2021-05-04}
}

@book{artigo_wildfogel,
    author = {Dennis WILDFOGEL},
    year = 1984,
    title = {The Maximum Brightness of Venus},
    publisher = {Mathematics Magazine, Vol. 57, No. 3. (May, 1984), pp. 158-165.}
}

@online{site_nasa_imagem_distancia,
  author = {{NASA Education}},
  title = {NASA Education: How Far? How Faint?
 em https://www.nasa.gov/audience/foreducators/9-12/features/F\_How\_Far\_How\_Faint.html, acesso: 17 de maio de 2021},
  year = 2009,
  url = {https://www.nasa.gov/audience/foreducators/9-12/features/F_How_Far_How_Faint.html},
  urldate = {2021-05-04}
}

@book{Biblioteca_Matplotlib,
  author = {{Matplotlib}},
  year = 2021,
  title = {https://matplotlib.org/stable/index.html},
  url = {https://matplotlib.org/stable/index.html},
}


@book{wikipedia_candela,
  author = {{Wikipédia}},
  year = 2021,
  title = {https://pt.wikipedia.org/wiki/Candela},
}
